<Document xmlns="iso:std:iso:20022:tech:xsd:camt.053.001.07">
  <BkToCstmrStmt>
    <GrpHdr>
      <MsgId>string</MsgId>
      <CreDtTm>2008-09-29T08:49:45</CreDtTm>
    </GrpHdr>
    <Stmt>
      <Id>string</Id>
      <Acct>
        <Id>
          <!--You have a CHOICE of the next 2 items at this level-->
          <Othr>
            <Id>0987654321</Id>
            <SchmeNm>
              <Prtry>ACCOUNT_ID</Prtry>
            </SchmeNm>
          </Othr>
        </Id>
      </Acct>

      <!--1 or more repetitions:-->
      <Bal>
        <Tp>
          <CdOrPrtry>
            <Prtry>WALLET</Prtry>
          </CdOrPrtry>
          <SubTp>
            <!-- this is wallet type name -->
            <Prtry>STANDARD</Prtry>
          </SubTp>
        </Tp>
        <Amt Ccy="IDR">100000.00</Amt>
        <CdtDbtInd>CRDT</CdtDbtInd>
        <Dt>
          <DtTm>2018-05-08T01:34:15+07:00</DtTm>
        </Dt>
      </Bal>
      <!--Zero or more repetitions:-->
      <Ntry>
        <Amt Ccy="IDR">100000.00</Amt>
        <CdtDbtInd>CRDT</CdtDbtInd>
        <Sts>
          <Prtry>SUCCESS</Prtry>
        </Sts>
        <BkTxCd>
          <Prtry>
            <Cd>TOPUP</Cd>
          </Prtry>
        </BkTxCd>
        <!--Optional:-->
        <ComssnWvrInd>true</ComssnWvrInd>
        <!--Optional:-->
        <AddtlInfInd>
          <!--Optional:-->
          <MsgNmId>string</MsgNmId>
          <!--Optional:-->
          <MsgId>string</MsgId>
        </AddtlInfInd>
        <!--Optional:-->
        <AmtDtls>
          <!--Optional:-->
          <InstdAmt>
            <Amt Ccy="string">1000.00</Amt>
            <!--Optional:-->
            <CcyXchg>
              <SrcCcy>string</SrcCcy>
              <!--Optional:-->
              <TrgtCcy>string</TrgtCcy>
              <!--Optional:-->
              <UnitCcy>string</UnitCcy>
              <XchgRate>1000.00</XchgRate>
              <!--Optional:-->
              <CtrctId>string</CtrctId>
              <!--Optional:-->
              <QtnDt>2000-02-21T21:46:14+07:00</QtnDt>
            </CcyXchg>
          </InstdAmt>
          <!--Optional:-->
          <TxAmt>
            <Amt Ccy="string">1000.00</Amt>
            <!--Optional:-->
            <CcyXchg>
              <SrcCcy>string</SrcCcy>
              <!--Optional:-->
              <TrgtCcy>string</TrgtCcy>
              <!--Optional:-->
              <UnitCcy>string</UnitCcy>
              <XchgRate>1000.00</XchgRate>
              <!--Optional:-->
              <CtrctId>string</CtrctId>
              <!--Optional:-->
              <QtnDt>2001-11-25T13:47:05+07:00</QtnDt>
            </CcyXchg>
          </TxAmt>
          <!--Optional:-->
          <CntrValAmt>
            <Amt Ccy="string">1000.00</Amt>
            <!--Optional:-->
            <CcyXchg>
              <SrcCcy>string</SrcCcy>
              <!--Optional:-->
              <TrgtCcy>string</TrgtCcy>
              <!--Optional:-->
              <UnitCcy>string</UnitCcy>
              <XchgRate>1000.00</XchgRate>
              <!--Optional:-->
              <CtrctId>string</CtrctId>
              <!--Optional:-->
              <QtnDt>2010-01-19T18:43:56</QtnDt>
            </CcyXchg>
          </CntrValAmt>
          <!--Optional:-->
          <AnncdPstngAmt>
            <Amt Ccy="string">1000.00</Amt>
            <!--Optional:-->
            <CcyXchg>
              <SrcCcy>string</SrcCcy>
              <!--Optional:-->
              <TrgtCcy>string</TrgtCcy>
              <!--Optional:-->
              <UnitCcy>string</UnitCcy>
              <XchgRate>1000.00</XchgRate>
              <!--Optional:-->
              <CtrctId>string</CtrctId>
              <!--Optional:-->
              <QtnDt>2014-09-07T02:53:52+07:00</QtnDt>
            </CcyXchg>
          </AnncdPstngAmt>
          <!--Zero or more repetitions:-->
          <PrtryAmt>
            <Tp>string</Tp>
            <Amt Ccy="string">1000.00</Amt>
            <!--Optional:-->
            <CcyXchg>
              <SrcCcy>string</SrcCcy>
              <!--Optional:-->
              <TrgtCcy>string</TrgtCcy>
              <!--Optional:-->
              <UnitCcy>string</UnitCcy>
              <XchgRate>1000.00</XchgRate>
              <!--Optional:-->
              <CtrctId>string</CtrctId>
              <!--Optional:-->
              <QtnDt>2004-09-11T05:14:54</QtnDt>
            </CcyXchg>
          </PrtryAmt>
        </AmtDtls>
        <!--Optional:-->
        <Chrgs>
          <!--Optional:-->
          <TtlChrgsAndTaxAmt Ccy="string">1000.00</TtlChrgsAndTaxAmt>
          <!--Zero or more repetitions:-->
          <Rcrd>
            <Amt Ccy="string">1000.00</Amt>
            <!--Optional:-->
            <CdtDbtInd>CRDT</CdtDbtInd>
            <!--Optional:-->
            <ChrgInclInd>false</ChrgInclInd>
            <!--Optional:-->
            <Tp>
              <!--You have a CHOICE of the next 2 items at this level-->
              <Cd>stri</Cd>
              <Prtry>
                <Id>string</Id>
                <!--Optional:-->
                <Issr>string</Issr>
              </Prtry>
            </Tp>
            <!--Optional:-->
            <Rate>1000.00</Rate>
            <!--Optional:-->
            <Br>DEBT</Br>
            <!--Optional:-->
            <Agt>
              <FinInstnId>
                <!--Optional:-->
                <BICFI>string</BICFI>
                <!--Optional:-->
                <ClrSysMmbId>
                  <!--Optional:-->
                  <ClrSysId>
                    <!--You have a CHOICE of the next 2 items at this level-->
                    <Cd>strin</Cd>
                    <Prtry>string</Prtry>
                  </ClrSysId>
                  <MmbId>string</MmbId>
                </ClrSysMmbId>
                <!--Optional:-->
                <Nm>string</Nm>
                <!--Optional:-->
                <PstlAdr>
                  <!--Optional:-->
                  <AdrTp>PBOX</AdrTp>
                  <!--Optional:-->
                  <Dept>string</Dept>
                  <!--Optional:-->
                  <SubDept>string</SubDept>
                  <!--Optional:-->
                  <StrtNm>string</StrtNm>
                  <!--Optional:-->
                  <BldgNb>string</BldgNb>
                  <!--Optional:-->
                  <PstCd>string</PstCd>
                  <!--Optional:-->
                  <TwnNm>string</TwnNm>
                  <!--Optional:-->
                  <CtrySubDvsn>string</CtrySubDvsn>
                  <!--Optional:-->
                  <Ctry>string</Ctry>
                  <!--0 to 7 repetitions:-->
                  <AdrLine>string</AdrLine>
                </PstlAdr>
                <!--Optional:-->
                <Othr>
                  <Id>string</Id>
                  <!--Optional:-->
                  <SchmeNm>
                    <!--You have a CHOICE of the next 2 items at this level-->
                    <Cd>stri</Cd>
                    <Prtry>string</Prtry>
                  </SchmeNm>
                  <!--Optional:-->
                  <Issr>string</Issr>
                </Othr>
              </FinInstnId>
              <!--Optional:-->
              <BrnchId>
                <!--Optional:-->
                <Id>string</Id>
                <!--Optional:-->
                <Nm>string</Nm>
                <!--Optional:-->
                <PstlAdr>
                  <!--Optional:-->
                  <AdrTp>MLTO</AdrTp>
                  <!--Optional:-->
                  <Dept>string</Dept>
                  <!--Optional:-->
                  <SubDept>string</SubDept>
                  <!--Optional:-->
                  <StrtNm>string</StrtNm>
                  <!--Optional:-->
                  <BldgNb>string</BldgNb>
                  <!--Optional:-->
                  <PstCd>string</PstCd>
                  <!--Optional:-->
                  <TwnNm>string</TwnNm>
                  <!--Optional:-->
                  <CtrySubDvsn>string</CtrySubDvsn>
                  <!--Optional:-->
                  <Ctry>string</Ctry>
                  <!--0 to 7 repetitions:-->
                  <AdrLine>string</AdrLine>
                </PstlAdr>
              </BrnchId>
            </Agt>
            <!--Optional:-->
            <Tax>
              <!--Optional:-->
              <Id>string</Id>
              <!--Optional:-->
              <Rate>1000.00</Rate>
              <!--Optional:-->
              <Amt Ccy="string">1000.00</Amt>
            </Tax>
          </Rcrd>
        </Chrgs>
        <!--Optional:-->
        <TechInptChanl>
          <!--You have a CHOICE of the next 2 items at this level-->
          <Cd>stri</Cd>
          <Prtry>string</Prtry>
        </TechInptChanl>
        <!--Optional:-->
        <Intrst>
          <!--Optional:-->
          <TtlIntrstAndTaxAmt Ccy="string">1000.00</TtlIntrstAndTaxAmt>
          <!--Zero or more repetitions:-->
          <Rcrd>
            <Amt Ccy="string">1000.00</Amt>
            <CdtDbtInd>DBIT</CdtDbtInd>
            <!--Optional:-->
            <Tp>
              <!--You have a CHOICE of the next 2 items at this level-->
              <Cd>INDY</Cd>
              <Prtry>string</Prtry>
            </Tp>
            <!--Optional:-->
            <Rate>
              <Tp>
                <!--You have a CHOICE of the next 2 items at this level-->
                <Pctg>1000.00</Pctg>
                <Othr>string</Othr>
              </Tp>
              <!--Optional:-->
              <VldtyRg>
                <Amt>
                  <!--You have a CHOICE of the next 5 items at this level-->
                  <FrAmt>
                    <BdryAmt>1000.00</BdryAmt>
                    <Incl>false</Incl>
                  </FrAmt>
                  <ToAmt>
                    <BdryAmt>1000.00</BdryAmt>
                    <Incl>true</Incl>
                  </ToAmt>
                  <FrToAmt>
                    <FrAmt>
                      <BdryAmt>1000.00</BdryAmt>
                      <Incl>false</Incl>
                    </FrAmt>
                    <ToAmt>
                      <BdryAmt>1000.00</BdryAmt>
                      <Incl>true</Incl>
                    </ToAmt>
                  </FrToAmt>
                  <EQAmt>1000.00</EQAmt>
                  <NEQAmt>1000.00</NEQAmt>
                </Amt>
                <!--Optional:-->
                <CdtDbtInd>CRDT</CdtDbtInd>
                <Ccy>string</Ccy>
              </VldtyRg>
            </Rate>
            <!--Optional:-->
            <FrToDt>
              <FrDtTm>2008-12-02T03:32:49</FrDtTm>
              <ToDtTm>2016-12-12T23:34:50+07:00</ToDtTm>
            </FrToDt>
            <!--Optional:-->
            <Rsn>string</Rsn>
            <!--Optional:-->
            <Tax>
              <!--Optional:-->
              <Id>string</Id>
              <!--Optional:-->
              <Rate>1000.00</Rate>
              <!--Optional:-->
              <Amt Ccy="string">1000.00</Amt>
            </Tax>
          </Rcrd>
        </Intrst>
        <!--Optional:-->
        <CardTx>
          <!--Optional:-->
          <Card>
            <!--Optional:-->
            <PlainCardData>
              <PAN>string</PAN>
              <!--Optional:-->
              <CardSeqNb>string</CardSeqNb>
              <!--Optional:-->
              <FctvDt>2001-08</FctvDt>
              <XpryDt>2019-03</XpryDt>
              <!--Optional:-->
              <SvcCd>string</SvcCd>
              <!--Zero or more repetitions:-->
              <TrckData>
                <!--Optional:-->
                <TrckNb>string</TrckNb>
                <TrckVal>string</TrckVal>
              </TrckData>
              <!--Optional:-->
              <CardSctyCd>
                <CSCMgmt>PRST</CSCMgmt>
                <!--Optional:-->
                <CSCVal>string</CSCVal>
              </CardSctyCd>
            </PlainCardData>
            <!--Optional:-->
            <CardCtryCd>string</CardCtryCd>
            <!--Optional:-->
            <CardBrnd>
              <Id>string</Id>
              <!--Optional:-->
              <SchmeNm>string</SchmeNm>
              <!--Optional:-->
              <Issr>string</Issr>
            </CardBrnd>
            <!--Optional:-->
            <AddtlCardData>string</AddtlCardData>
          </Card>
          <!--Optional:-->
          <POI>
            <Id>
              <Id>string</Id>
              <!--Optional:-->
              <Tp>MERC</Tp>
              <!--Optional:-->
              <Issr>ACCP</Issr>
              <!--Optional:-->
              <ShrtNm>string</ShrtNm>
            </Id>
            <!--Optional:-->
            <SysNm>string</SysNm>
            <!--Optional:-->
            <GrpId>string</GrpId>
            <!--Optional:-->
            <Cpblties>
              <!--Zero or more repetitions:-->
              <CardRdngCpblties>CICC</CardRdngCpblties>
              <!--Zero or more repetitions:-->
              <CrdhldrVrfctnCpblties>FDSG</CrdhldrVrfctnCpblties>
              <!--Optional:-->
              <OnLineCpblties>SMON</OnLineCpblties>
              <!--Zero or more repetitions:-->
              <DispCpblties>
                <DispTp>CDSP</DispTp>
                <NbOfLines>string</NbOfLines>
                <LineWidth>string</LineWidth>
              </DispCpblties>
              <!--Optional:-->
              <PrtLineWidth>string</PrtLineWidth>
            </Cpblties>
            <!--Zero or more repetitions:-->
            <Cmpnt>
              <POICmpntTp>SECM</POICmpntTp>
              <!--Optional:-->
              <ManfctrId>string</ManfctrId>
              <!--Optional:-->
              <Mdl>string</Mdl>
              <!--Optional:-->
              <VrsnNb>string</VrsnNb>
              <!--Optional:-->
              <SrlNb>string</SrlNb>
              <!--Zero or more repetitions:-->
              <ApprvlNb>string</ApprvlNb>
            </Cmpnt>
          </POI>
          <!--Optional:-->
          <AggtdNtry>
            <!--Optional:-->
            <AddtlSvc>GRTT</AddtlSvc>
            <!--Optional:-->
            <TxCtgy>stri</TxCtgy>
            <!--Optional:-->
            <SaleRcncltnId>string</SaleRcncltnId>
            <!--Optional:-->
            <SeqNbRg>
              <!--Optional:-->
              <FrstTx>string</FrstTx>
              <!--Optional:-->
              <LastTx>string</LastTx>
            </SeqNbRg>
            <!--Optional:-->
            <TxDtRg>
              <!--You have a CHOICE of the next 2 items at this level-->
              <Dt>
                <FrDt>2008-07-29</FrDt>
                <ToDt>2003-02-11+07:00</ToDt>
              </Dt>
              <DtTm>
                <FrDtTm>2015-12-11T12:11:19</FrDtTm>
                <ToDtTm>2014-08-11T17:37:43+07:00</ToDtTm>
              </DtTm>
            </TxDtRg>
          </AggtdNtry>
          <!--Optional:-->
          <PrePdAcct>
            <Id>
              <!--You have a CHOICE of the next 2 items at this level-->
              <IBAN>string</IBAN>
              <Othr>
                <Id>string</Id>
                <!--Optional:-->
                <SchmeNm>
                  <!--You have a CHOICE of the next 2 items at this level-->
                  <Cd>stri</Cd>
                  <Prtry>string</Prtry>
                </SchmeNm>
                <!--Optional:-->
                <Issr>string</Issr>
              </Othr>
            </Id>
            <!--Optional:-->
            <Tp>
              <!--You have a CHOICE of the next 2 items at this level-->
              <Cd>stri</Cd>
              <Prtry>string</Prtry>
            </Tp>
            <!--Optional:-->
            <Ccy>string</Ccy>
            <!--Optional:-->
            <Nm>string</Nm>
          </PrePdAcct>
        </CardTx>
        <!--Zero or more repetitions:-->
        <NtryDtls>
          <!--Optional:-->
          <Btch>
            <!--Optional:-->
            <MsgId>string</MsgId>
            <!--Optional:-->
            <PmtInfId>string</PmtInfId>
            <!--Optional:-->
            <NbOfTxs>string</NbOfTxs>
            <!--Optional:-->
            <TtlAmt Ccy="string">1000.00</TtlAmt>
            <!--Optional:-->
            <CdtDbtInd>DBIT</CdtDbtInd>
          </Btch>
          <!--Zero or more repetitions:-->
          <TxDtls>
            <!--Optional:-->
            <Refs>
              <!--Optional:-->
              <MsgId>string</MsgId>
              <!--Optional:-->
              <AcctSvcrRef>string</AcctSvcrRef>
              <!--Optional:-->
              <PmtInfId>string</PmtInfId>
              <!--Optional:-->
              <InstrId>string</InstrId>
              <!--Optional:-->
              <EndToEndId>string</EndToEndId>
              <!--Optional:-->
              <TxId>string</TxId>
              <!--Optional:-->
              <MndtId>string</MndtId>
              <!--Optional:-->
              <ChqNb>string</ChqNb>
              <!--Optional:-->
              <ClrSysRef>string</ClrSysRef>
              <!--Optional:-->
              <AcctOwnrTxId>string</AcctOwnrTxId>
              <!--Optional:-->
              <AcctSvcrTxId>string</AcctSvcrTxId>
              <!--Optional:-->
              <MktInfrstrctrTxId>string</MktInfrstrctrTxId>
              <!--Optional:-->
              <PrcgId>string</PrcgId>
              <!--Zero or more repetitions:-->
              <Prtry>
                <Tp>string</Tp>
                <Ref>string</Ref>
              </Prtry>
            </Refs>
            <!--Optional:-->
            <Amt Ccy="string">1000.00</Amt>
            <!--Optional:-->
            <CdtDbtInd>DBIT</CdtDbtInd>
            <!--Optional:-->
            <AmtDtls>
              <!--Optional:-->
              <InstdAmt>
                <Amt Ccy="string">1000.00</Amt>
                <!--Optional:-->
                <CcyXchg>
                  <SrcCcy>string</SrcCcy>
                  <!--Optional:-->
                  <TrgtCcy>string</TrgtCcy>
                  <!--Optional:-->
                  <UnitCcy>string</UnitCcy>
                  <XchgRate>1000.00</XchgRate>
                  <!--Optional:-->
                  <CtrctId>string</CtrctId>
                  <!--Optional:-->
                  <QtnDt>2015-12-03T00:18:21</QtnDt>
                </CcyXchg>
              </InstdAmt>
              <!--Optional:-->
              <TxAmt>
                <Amt Ccy="string">1000.00</Amt>
                <!--Optional:-->
                <CcyXchg>
                  <SrcCcy>string</SrcCcy>
                  <!--Optional:-->
                  <TrgtCcy>string</TrgtCcy>
                  <!--Optional:-->
                  <UnitCcy>string</UnitCcy>
                  <XchgRate>1000.00</XchgRate>
                  <!--Optional:-->
                  <CtrctId>string</CtrctId>
                  <!--Optional:-->
                  <QtnDt>2007-10-06T11:47:44</QtnDt>
                </CcyXchg>
              </TxAmt>
              <!--Optional:-->
              <CntrValAmt>
                <Amt Ccy="string">1000.00</Amt>
                <!--Optional:-->
                <CcyXchg>
                  <SrcCcy>string</SrcCcy>
                  <!--Optional:-->
                  <TrgtCcy>string</TrgtCcy>
                  <!--Optional:-->
                  <UnitCcy>string</UnitCcy>
                  <XchgRate>1000.00</XchgRate>
                  <!--Optional:-->
                  <CtrctId>string</CtrctId>
                  <!--Optional:-->
                  <QtnDt>2016-07-26T00:47:29+07:00</QtnDt>
                </CcyXchg>
              </CntrValAmt>
              <!--Optional:-->
              <AnncdPstngAmt>
                <Amt Ccy="string">1000.00</Amt>
                <!--Optional:-->
                <CcyXchg>
                  <SrcCcy>string</SrcCcy>
                  <!--Optional:-->
                  <TrgtCcy>string</TrgtCcy>
                  <!--Optional:-->
                  <UnitCcy>string</UnitCcy>
                  <XchgRate>1000.00</XchgRate>
                  <!--Optional:-->
                  <CtrctId>string</CtrctId>
                  <!--Optional:-->
                  <QtnDt>2003-05-16T02:35:49+07:00</QtnDt>
                </CcyXchg>
              </AnncdPstngAmt>
              <!--Zero or more repetitions:-->
              <PrtryAmt>
                <Tp>string</Tp>
                <Amt Ccy="string">1000.00</Amt>
                <!--Optional:-->
                <CcyXchg>
                  <SrcCcy>string</SrcCcy>
                  <!--Optional:-->
                  <TrgtCcy>string</TrgtCcy>
                  <!--Optional:-->
                  <UnitCcy>string</UnitCcy>
                  <XchgRate>1000.00</XchgRate>
                  <!--Optional:-->
                  <CtrctId>string</CtrctId>
                  <!--Optional:-->
                  <QtnDt>2006-12-04T16:34:51+07:00</QtnDt>
                </CcyXchg>
              </PrtryAmt>
            </AmtDtls>
            <!--Zero or more repetitions:-->
            <Avlbty>
              <Dt>
                <!--You have a CHOICE of the next 2 items at this level-->
                <NbOfDays>string</NbOfDays>
                <ActlDt>2017-01-03</ActlDt>
              </Dt>
              <Amt Ccy="string">1000.00</Amt>
              <CdtDbtInd>DBIT</CdtDbtInd>
            </Avlbty>
            <!--Optional:-->
            <BkTxCd>
              <!--Optional:-->
              <Domn>
                <Cd>stri</Cd>
                <Fmly>
                  <Cd>stri</Cd>
                  <SubFmlyCd>stri</SubFmlyCd>
                </Fmly>
              </Domn>
              <!--Optional:-->
              <Prtry>
                <Cd>string</Cd>
                <!--Optional:-->
                <Issr>string</Issr>
              </Prtry>
            </BkTxCd>
            <!--Optional:-->
            <Chrgs>
              <!--Optional:-->
              <TtlChrgsAndTaxAmt Ccy="string">1000.00</TtlChrgsAndTaxAmt>
              <!--Zero or more repetitions:-->
              <Rcrd>
                <Amt Ccy="string">1000.00</Amt>
                <!--Optional:-->
                <CdtDbtInd>CRDT</CdtDbtInd>
                <!--Optional:-->
                <ChrgInclInd>false</ChrgInclInd>
                <!--Optional:-->
                <Tp>
                  <!--You have a CHOICE of the next 2 items at this level-->
                  <Cd>stri</Cd>
                  <Prtry>
                    <Id>string</Id>
                    <!--Optional:-->
                    <Issr>string</Issr>
                  </Prtry>
                </Tp>
                <!--Optional:-->
                <Rate>1000.00</Rate>
                <!--Optional:-->
                <Br>DEBT</Br>
                <!--Optional:-->
                <Agt>
                  <FinInstnId>
                    <!--Optional:-->
                    <BICFI>string</BICFI>
                    <!--Optional:-->
                    <ClrSysMmbId>
                      <!--Optional:-->
                      <ClrSysId>
                        <!--You have a CHOICE of the next 2 items at this level-->
                        <Cd>strin</Cd>
                        <Prtry>string</Prtry>
                      </ClrSysId>
                      <MmbId>string</MmbId>
                    </ClrSysMmbId>
                    <!--Optional:-->
                    <Nm>string</Nm>
                    <!--Optional:-->
                    <PstlAdr>
                      <!--Optional:-->
                      <AdrTp>MLTO</AdrTp>
                      <!--Optional:-->
                      <Dept>string</Dept>
                      <!--Optional:-->
                      <SubDept>string</SubDept>
                      <!--Optional:-->
                      <StrtNm>string</StrtNm>
                      <!--Optional:-->
                      <BldgNb>string</BldgNb>
                      <!--Optional:-->
                      <PstCd>string</PstCd>
                      <!--Optional:-->
                      <TwnNm>string</TwnNm>
                      <!--Optional:-->
                      <CtrySubDvsn>string</CtrySubDvsn>
                      <!--Optional:-->
                      <Ctry>string</Ctry>
                      <!--0 to 7 repetitions:-->
                      <AdrLine>string</AdrLine>
                    </PstlAdr>
                    <!--Optional:-->
                    <Othr>
                      <Id>string</Id>
                      <!--Optional:-->
                      <SchmeNm>
                        <!--You have a CHOICE of the next 2 items at this level-->
                        <Cd>stri</Cd>
                        <Prtry>string</Prtry>
                      </SchmeNm>
                      <!--Optional:-->
                      <Issr>string</Issr>
                    </Othr>
                  </FinInstnId>
                  <!--Optional:-->
                  <BrnchId>
                    <!--Optional:-->
                    <Id>string</Id>
                    <!--Optional:-->
                    <Nm>string</Nm>
                    <!--Optional:-->
                    <PstlAdr>
                      <!--Optional:-->
                      <AdrTp>BIZZ</AdrTp>
                      <!--Optional:-->
                      <Dept>string</Dept>
                      <!--Optional:-->
                      <SubDept>string</SubDept>
                      <!--Optional:-->
                      <StrtNm>string</StrtNm>
                      <!--Optional:-->
                      <BldgNb>string</BldgNb>
                      <!--Optional:-->
                      <PstCd>string</PstCd>
                      <!--Optional:-->
                      <TwnNm>string</TwnNm>
                      <!--Optional:-->
                      <CtrySubDvsn>string</CtrySubDvsn>
                      <!--Optional:-->
                      <Ctry>string</Ctry>
                      <!--0 to 7 repetitions:-->
                      <AdrLine>string</AdrLine>
                    </PstlAdr>
                  </BrnchId>
                </Agt>
                <!--Optional:-->
                <Tax>
                  <!--Optional:-->
                  <Id>string</Id>
                  <!--Optional:-->
                  <Rate>1000.00</Rate>
                  <!--Optional:-->
                  <Amt Ccy="string">1000.00</Amt>
                </Tax>
              </Rcrd>
            </Chrgs>
            <!--Optional:-->
            <Intrst>
              <!--Optional:-->
              <TtlIntrstAndTaxAmt Ccy="string">1000.00</TtlIntrstAndTaxAmt>
              <!--Zero or more repetitions:-->
              <Rcrd>
                <Amt Ccy="string">1000.00</Amt>
                <CdtDbtInd>DBIT</CdtDbtInd>
                <!--Optional:-->
                <Tp>
                  <!--You have a CHOICE of the next 2 items at this level-->
                  <Cd>OVRN</Cd>
                  <Prtry>string</Prtry>
                </Tp>
                <!--Optional:-->
                <Rate>
                  <Tp>
                    <!--You have a CHOICE of the next 2 items at this level-->
                    <Pctg>1000.00</Pctg>
                    <Othr>string</Othr>
                  </Tp>
                  <!--Optional:-->
                  <VldtyRg>
                    <Amt>
                      <!--You have a CHOICE of the next 5 items at this level-->
                      <FrAmt>
                        <BdryAmt>1000.00</BdryAmt>
                        <Incl>false</Incl>
                      </FrAmt>
                      <ToAmt>
                        <BdryAmt>1000.00</BdryAmt>
                        <Incl>false</Incl>
                      </ToAmt>
                      <FrToAmt>
                        <FrAmt>
                          <BdryAmt>1000.00</BdryAmt>
                          <Incl>true</Incl>
                        </FrAmt>
                        <ToAmt>
                          <BdryAmt>1000.00</BdryAmt>
                          <Incl>false</Incl>
                        </ToAmt>
                      </FrToAmt>
                      <EQAmt>1000.00</EQAmt>
                      <NEQAmt>1000.00</NEQAmt>
                    </Amt>
                    <!--Optional:-->
                    <CdtDbtInd>DBIT</CdtDbtInd>
                    <Ccy>string</Ccy>
                  </VldtyRg>
                </Rate>
                <!--Optional:-->
                <FrToDt>
                  <FrDtTm>2008-03-03T23:09:47</FrDtTm>
                  <ToDtTm>2019-10-05T14:21:42+07:00</ToDtTm>
                </FrToDt>
                <!--Optional:-->
                <Rsn>string</Rsn>
                <!--Optional:-->
                <Tax>
                  <!--Optional:-->
                  <Id>string</Id>
                  <!--Optional:-->
                  <Rate>1000.00</Rate>
                  <!--Optional:-->
                  <Amt Ccy="string">1000.00</Amt>
                </Tax>
              </Rcrd>
            </Intrst>
            <!--Optional:-->
            <RltdPties>
              <!--Optional:-->
              <InitgPty>
                <!--You have a CHOICE of the next 2 items at this level-->
                <Pty>
                  <!--Optional:-->
                  <Nm>string</Nm>
                  <!--Optional:-->
                  <PstlAdr>
                    <!--Optional:-->
                    <AdrTp>HOME</AdrTp>
                    <!--Optional:-->
                    <Dept>string</Dept>
                    <!--Optional:-->
                    <SubDept>string</SubDept>
                    <!--Optional:-->
                    <StrtNm>string</StrtNm>
                    <!--Optional:-->
                    <BldgNb>string</BldgNb>
                    <!--Optional:-->
                    <PstCd>string</PstCd>
                    <!--Optional:-->
                    <TwnNm>string</TwnNm>
                    <!--Optional:-->
                    <CtrySubDvsn>string</CtrySubDvsn>
                    <!--Optional:-->
                    <Ctry>string</Ctry>
                    <!--0 to 7 repetitions:-->
                    <AdrLine>string</AdrLine>
                  </PstlAdr>
                  <!--Optional:-->
                  <Id>
                    <!--You have a CHOICE of the next 2 items at this level-->
                    <OrgId>
                      <!--Optional:-->
                      <AnyBIC>string</AnyBIC>
                      <!--Zero or more repetitions:-->
                      <Othr>
                        <Id>string</Id>
                        <!--Optional:-->
                        <SchmeNm>
                          <!--You have a CHOICE of the next 2 items at this level-->
                          <Cd>stri</Cd>
                          <Prtry>string</Prtry>
                        </SchmeNm>
                        <!--Optional:-->
                        <Issr>string</Issr>
                      </Othr>
                    </OrgId>
                    <PrvtId>
                      <!--Optional:-->
                      <DtAndPlcOfBirth>
                        <BirthDt>2013-11-20+07:00</BirthDt>
                        <!--Optional:-->
                        <PrvcOfBirth>string</PrvcOfBirth>
                        <CityOfBirth>string</CityOfBirth>
                        <CtryOfBirth>string</CtryOfBirth>
                      </DtAndPlcOfBirth>
                      <!--Zero or more repetitions:-->
                      <Othr>
                        <Id>string</Id>
                        <!--Optional:-->
                        <SchmeNm>
                          <!--You have a CHOICE of the next 2 items at this level-->
                          <Cd>stri</Cd>
                          <Prtry>string</Prtry>
                        </SchmeNm>
                        <!--Optional:-->
                        <Issr>string</Issr>
                      </Othr>
                    </PrvtId>
                  </Id>
                  <!--Optional:-->
                  <CtryOfRes>string</CtryOfRes>
                  <!--Optional:-->
                  <CtctDtls>
                    <!--Optional:-->
                    <NmPrfx>MISS</NmPrfx>
                    <!--Optional:-->
                    <Nm>string</Nm>
                    <!--Optional:-->
                    <PhneNb>string</PhneNb>
                    <!--Optional:-->
                    <MobNb>string</MobNb>
                    <!--Optional:-->
                    <FaxNb>string</FaxNb>
                    <!--Optional:-->
                    <EmailAdr>string</EmailAdr>
                    <!--Optional:-->
                    <Othr>string</Othr>
                  </CtctDtls>
                </Pty>
                <Agt>
                  <FinInstnId>
                    <!--Optional:-->
                    <BICFI>string</BICFI>
                    <!--Optional:-->
                    <ClrSysMmbId>
                      <!--Optional:-->
                      <ClrSysId>
                        <!--You have a CHOICE of the next 2 items at this level-->
                        <Cd>strin</Cd>
                        <Prtry>string</Prtry>
                      </ClrSysId>
                      <MmbId>string</MmbId>
                    </ClrSysMmbId>
                    <!--Optional:-->
                    <Nm>string</Nm>
                    <!--Optional:-->
                    <PstlAdr>
                      <!--Optional:-->
                      <AdrTp>PBOX</AdrTp>
                      <!--Optional:-->
                      <Dept>string</Dept>
                      <!--Optional:-->
                      <SubDept>string</SubDept>
                      <!--Optional:-->
                      <StrtNm>string</StrtNm>
                      <!--Optional:-->
                      <BldgNb>string</BldgNb>
                      <!--Optional:-->
                      <PstCd>string</PstCd>
                      <!--Optional:-->
                      <TwnNm>string</TwnNm>
                      <!--Optional:-->
                      <CtrySubDvsn>string</CtrySubDvsn>
                      <!--Optional:-->
                      <Ctry>string</Ctry>
                      <!--0 to 7 repetitions:-->
                      <AdrLine>string</AdrLine>
                    </PstlAdr>
                    <!--Optional:-->
                    <Othr>
                      <Id>string</Id>
                      <!--Optional:-->
                      <SchmeNm>
                        <!--You have a CHOICE of the next 2 items at this level-->
                        <Cd>stri</Cd>
                        <Prtry>string</Prtry>
                      </SchmeNm>
                      <!--Optional:-->
                      <Issr>string</Issr>
                    </Othr>
                  </FinInstnId>
                  <!--Optional:-->
                  <BrnchId>
                    <!--Optional:-->
                    <Id>string</Id>
                    <!--Optional:-->
                    <Nm>string</Nm>
                    <!--Optional:-->
                    <PstlAdr>
                      <!--Optional:-->
                      <AdrTp>DLVY</AdrTp>
                      <!--Optional:-->
                      <Dept>string</Dept>
                      <!--Optional:-->
                      <SubDept>string</SubDept>
                      <!--Optional:-->
                      <StrtNm>string</StrtNm>
                      <!--Optional:-->
                      <BldgNb>string</BldgNb>
                      <!--Optional:-->
                      <PstCd>string</PstCd>
                      <!--Optional:-->
                      <TwnNm>string</TwnNm>
                      <!--Optional:-->
                      <CtrySubDvsn>string</CtrySubDvsn>
                      <!--Optional:-->
                      <Ctry>string</Ctry>
                      <!--0 to 7 repetitions:-->
                      <AdrLine>string</AdrLine>
                    </PstlAdr>
                  </BrnchId>
                </Agt>
              </InitgPty>
              <!--Optional:-->
              <Dbtr>
                <!--You have a CHOICE of the next 2 items at this level-->
                <Pty>
                  <!--Optional:-->
                  <Nm>string</Nm>
                  <!--Optional:-->
                  <PstlAdr>
                    <!--Optional:-->
                    <AdrTp>DLVY</AdrTp>
                    <!--Optional:-->
                    <Dept>string</Dept>
                    <!--Optional:-->
                    <SubDept>string</SubDept>
                    <!--Optional:-->
                    <StrtNm>string</StrtNm>
                    <!--Optional:-->
                    <BldgNb>string</BldgNb>
                    <!--Optional:-->
                    <PstCd>string</PstCd>
                    <!--Optional:-->
                    <TwnNm>string</TwnNm>
                    <!--Optional:-->
                    <CtrySubDvsn>string</CtrySubDvsn>
                    <!--Optional:-->
                    <Ctry>string</Ctry>
                    <!--0 to 7 repetitions:-->
                    <AdrLine>string</AdrLine>
                  </PstlAdr>
                  <!--Optional:-->
                  <Id>
                    <!--You have a CHOICE of the next 2 items at this level-->
                    <OrgId>
                      <!--Optional:-->
                      <AnyBIC>string</AnyBIC>
                      <!--Zero or more repetitions:-->
                      <Othr>
                        <Id>string</Id>
                        <!--Optional:-->
                        <SchmeNm>
                          <!--You have a CHOICE of the next 2 items at this level-->
                          <Cd>stri</Cd>
                          <Prtry>string</Prtry>
                        </SchmeNm>
                        <!--Optional:-->
                        <Issr>string</Issr>
                      </Othr>
                    </OrgId>
                    <PrvtId>
                      <!--Optional:-->
                      <DtAndPlcOfBirth>
                        <BirthDt>2016-02-05+07:00</BirthDt>
                        <!--Optional:-->
                        <PrvcOfBirth>string</PrvcOfBirth>
                        <CityOfBirth>string</CityOfBirth>
                        <CtryOfBirth>string</CtryOfBirth>
                      </DtAndPlcOfBirth>
                      <!--Zero or more repetitions:-->
                      <Othr>
                        <Id>string</Id>
                        <!--Optional:-->
                        <SchmeNm>
                          <!--You have a CHOICE of the next 2 items at this level-->
                          <Cd>stri</Cd>
                          <Prtry>string</Prtry>
                        </SchmeNm>
                        <!--Optional:-->
                        <Issr>string</Issr>
                      </Othr>
                    </PrvtId>
                  </Id>
                  <!--Optional:-->
                  <CtryOfRes>string</CtryOfRes>
                  <!--Optional:-->
                  <CtctDtls>
                    <!--Optional:-->
                    <NmPrfx>MIST</NmPrfx>
                    <!--Optional:-->
                    <Nm>string</Nm>
                    <!--Optional:-->
                    <PhneNb>string</PhneNb>
                    <!--Optional:-->
                    <MobNb>string</MobNb>
                    <!--Optional:-->
                    <FaxNb>string</FaxNb>
                    <!--Optional:-->
                    <EmailAdr>string</EmailAdr>
                    <!--Optional:-->
                    <Othr>string</Othr>
                  </CtctDtls>
                </Pty>
                <Agt>
                  <FinInstnId>
                    <!--Optional:-->
                    <BICFI>string</BICFI>
                    <!--Optional:-->
                    <ClrSysMmbId>
                      <!--Optional:-->
                      <ClrSysId>
                        <!--You have a CHOICE of the next 2 items at this level-->
                        <Cd>strin</Cd>
                        <Prtry>string</Prtry>
                      </ClrSysId>
                      <MmbId>string</MmbId>
                    </ClrSysMmbId>
                    <!--Optional:-->
                    <Nm>string</Nm>
                    <!--Optional:-->
                    <PstlAdr>
                      <!--Optional:-->
                      <AdrTp>ADDR</AdrTp>
                      <!--Optional:-->
                      <Dept>string</Dept>
                      <!--Optional:-->
                      <SubDept>string</SubDept>
                      <!--Optional:-->
                      <StrtNm>string</StrtNm>
                      <!--Optional:-->
                      <BldgNb>string</BldgNb>
                      <!--Optional:-->
                      <PstCd>string</PstCd>
                      <!--Optional:-->
                      <TwnNm>string</TwnNm>
                      <!--Optional:-->
                      <CtrySubDvsn>string</CtrySubDvsn>
                      <!--Optional:-->
                      <Ctry>string</Ctry>
                      <!--0 to 7 repetitions:-->
                      <AdrLine>string</AdrLine>
                    </PstlAdr>
                    <!--Optional:-->
                    <Othr>
                      <Id>string</Id>
                      <!--Optional:-->
                      <SchmeNm>
                        <!--You have a CHOICE of the next 2 items at this level-->
                        <Cd>stri</Cd>
                        <Prtry>string</Prtry>
                      </SchmeNm>
                      <!--Optional:-->
                      <Issr>string</Issr>
                    </Othr>
                  </FinInstnId>
                  <!--Optional:-->
                  <BrnchId>
                    <!--Optional:-->
                    <Id>string</Id>
                    <!--Optional:-->
                    <Nm>string</Nm>
                    <!--Optional:-->
                    <PstlAdr>
                      <!--Optional:-->
                      <AdrTp>MLTO</AdrTp>
                      <!--Optional:-->
                      <Dept>string</Dept>
                      <!--Optional:-->
                      <SubDept>string</SubDept>
                      <!--Optional:-->
                      <StrtNm>string</StrtNm>
                      <!--Optional:-->
                      <BldgNb>string</BldgNb>
                      <!--Optional:-->
                      <PstCd>string</PstCd>
                      <!--Optional:-->
                      <TwnNm>string</TwnNm>
                      <!--Optional:-->
                      <CtrySubDvsn>string</CtrySubDvsn>
                      <!--Optional:-->
                      <Ctry>string</Ctry>
                      <!--0 to 7 repetitions:-->
                      <AdrLine>string</AdrLine>
                    </PstlAdr>
                  </BrnchId>
                </Agt>
              </Dbtr>
              <!--Optional:-->
              <DbtrAcct>
                <Id>
                  <!--You have a CHOICE of the next 2 items at this level-->
                  <IBAN>string</IBAN>
                  <Othr>
                    <Id>string</Id>
                    <!--Optional:-->
                    <SchmeNm>
                      <!--You have a CHOICE of the next 2 items at this level-->
                      <Cd>stri</Cd>
                      <Prtry>string</Prtry>
                    </SchmeNm>
                    <!--Optional:-->
                    <Issr>string</Issr>
                  </Othr>
                </Id>
                <!--Optional:-->
                <Tp>
                  <!--You have a CHOICE of the next 2 items at this level-->
                  <Cd>stri</Cd>
                  <Prtry>string</Prtry>
                </Tp>
                <!--Optional:-->
                <Ccy>string</Ccy>
                <!--Optional:-->
                <Nm>string</Nm>
              </DbtrAcct>
              <!--Optional:-->
              <UltmtDbtr>
                <!--You have a CHOICE of the next 2 items at this level-->
                <Pty>
                  <!--Optional:-->
                  <Nm>string</Nm>
                  <!--Optional:-->
                  <PstlAdr>
                    <!--Optional:-->
                    <AdrTp>PBOX</AdrTp>
                    <!--Optional:-->
                    <Dept>string</Dept>
                    <!--Optional:-->
                    <SubDept>string</SubDept>
                    <!--Optional:-->
                    <StrtNm>string</StrtNm>
                    <!--Optional:-->
                    <BldgNb>string</BldgNb>
                    <!--Optional:-->
                    <PstCd>string</PstCd>
                    <!--Optional:-->
                    <TwnNm>string</TwnNm>
                    <!--Optional:-->
                    <CtrySubDvsn>string</CtrySubDvsn>
                    <!--Optional:-->
                    <Ctry>string</Ctry>
                    <!--0 to 7 repetitions:-->
                    <AdrLine>string</AdrLine>
                  </PstlAdr>
                  <!--Optional:-->
                  <Id>
                    <!--You have a CHOICE of the next 2 items at this level-->
                    <OrgId>
                      <!--Optional:-->
                      <AnyBIC>string</AnyBIC>
                      <!--Zero or more repetitions:-->
                      <Othr>
                        <Id>string</Id>
                        <!--Optional:-->
                        <SchmeNm>
                          <!--You have a CHOICE of the next 2 items at this level-->
                          <Cd>stri</Cd>
                          <Prtry>string</Prtry>
                        </SchmeNm>
                        <!--Optional:-->
                        <Issr>string</Issr>
                      </Othr>
                    </OrgId>
                    <PrvtId>
                      <!--Optional:-->
                      <DtAndPlcOfBirth>
                        <BirthDt>2017-10-29</BirthDt>
                        <!--Optional:-->
                        <PrvcOfBirth>string</PrvcOfBirth>
                        <CityOfBirth>string</CityOfBirth>
                        <CtryOfBirth>string</CtryOfBirth>
                      </DtAndPlcOfBirth>
                      <!--Zero or more repetitions:-->
                      <Othr>
                        <Id>string</Id>
                        <!--Optional:-->
                        <SchmeNm>
                          <!--You have a CHOICE of the next 2 items at this level-->
                          <Cd>stri</Cd>
                          <Prtry>string</Prtry>
                        </SchmeNm>
                        <!--Optional:-->
                        <Issr>string</Issr>
                      </Othr>
                    </PrvtId>
                  </Id>
                  <!--Optional:-->
                  <CtryOfRes>string</CtryOfRes>
                  <!--Optional:-->
                  <CtctDtls>
                    <!--Optional:-->
                    <NmPrfx>MISS</NmPrfx>
                    <!--Optional:-->
                    <Nm>string</Nm>
                    <!--Optional:-->
                    <PhneNb>string</PhneNb>
                    <!--Optional:-->
                    <MobNb>string</MobNb>
                    <!--Optional:-->
                    <FaxNb>string</FaxNb>
                    <!--Optional:-->
                    <EmailAdr>string</EmailAdr>
                    <!--Optional:-->
                    <Othr>string</Othr>
                  </CtctDtls>
                </Pty>
                <Agt>
                  <FinInstnId>
                    <!--Optional:-->
                    <BICFI>string</BICFI>
                    <!--Optional:-->
                    <ClrSysMmbId>
                      <!--Optional:-->
                      <ClrSysId>
                        <!--You have a CHOICE of the next 2 items at this level-->
                        <Cd>strin</Cd>
                        <Prtry>string</Prtry>
                      </ClrSysId>
                      <MmbId>string</MmbId>
                    </ClrSysMmbId>
                    <!--Optional:-->
                    <Nm>string</Nm>
                    <!--Optional:-->
                    <PstlAdr>
                      <!--Optional:-->
                      <AdrTp>MLTO</AdrTp>
                      <!--Optional:-->
                      <Dept>string</Dept>
                      <!--Optional:-->
                      <SubDept>string</SubDept>
                      <!--Optional:-->
                      <StrtNm>string</StrtNm>
                      <!--Optional:-->
                      <BldgNb>string</BldgNb>
                      <!--Optional:-->
                      <PstCd>string</PstCd>
                      <!--Optional:-->
                      <TwnNm>string</TwnNm>
                      <!--Optional:-->
                      <CtrySubDvsn>string</CtrySubDvsn>
                      <!--Optional:-->
                      <Ctry>string</Ctry>
                      <!--0 to 7 repetitions:-->
                      <AdrLine>string</AdrLine>
                    </PstlAdr>
                    <!--Optional:-->
                    <Othr>
                      <Id>string</Id>
                      <!--Optional:-->
                      <SchmeNm>
                        <!--You have a CHOICE of the next 2 items at this level-->
                        <Cd>stri</Cd>
                        <Prtry>string</Prtry>
                      </SchmeNm>
                      <!--Optional:-->
                      <Issr>string</Issr>
                    </Othr>
                  </FinInstnId>
                  <!--Optional:-->
                  <BrnchId>
                    <!--Optional:-->
                    <Id>string</Id>
                    <!--Optional:-->
                    <Nm>string</Nm>
                    <!--Optional:-->
                    <PstlAdr>
                      <!--Optional:-->
                      <AdrTp>BIZZ</AdrTp>
                      <!--Optional:-->
                      <Dept>string</Dept>
                      <!--Optional:-->
                      <SubDept>string</SubDept>
                      <!--Optional:-->
                      <StrtNm>string</StrtNm>
                      <!--Optional:-->
                      <BldgNb>string</BldgNb>
                      <!--Optional:-->
                      <PstCd>string</PstCd>
                      <!--Optional:-->
                      <TwnNm>string</TwnNm>
                      <!--Optional:-->
                      <CtrySubDvsn>string</CtrySubDvsn>
                      <!--Optional:-->
                      <Ctry>string</Ctry>
                      <!--0 to 7 repetitions:-->
                    </PstlAdr>
                  </BrnchId>
                </Agt>
              </UltmtDbtr>
              <!--Optional:-->
              <!--Optional:-->
              <!--Optional:-->
              <!--Optional:-->
              <!--Zero or more repetitions:-->
            </RltdPties>
            <!--Optional:-->
            <!--Optional:-->
            <!--Optional:-->
            <!--0 to 10 repetitions:-->
            <!--Optional:-->
            <!--Optional:-->
            <!--Optional:-->
            <!--Zero or more repetitions:-->
            <!--Optional:-->
            <!--Optional:-->
            <!--Optional:-->
            <!--Optional:-->
            <!--Optional:-->
            <!--Zero or more repetitions:-->
            <!--Optional:-->
            <!--Optional:-->
            <!--Zero or more repetitions:-->
          </TxDtls>
        </NtryDtls>
        <!--Optional:-->
      </Ntry>
      <!--Optional:-->
    </Stmt>
    <!--Zero or more repetitions:-->
  </BkToCstmrStmt>
</Document>